@article{sung2021global,
  title={Global cancer statistics 2020: GLOBOCAN estimates of incidence and mortality worldwide for 36 cancers in 185 countries},
  author={Sung, Hyuna and Ferlay, Jacques and Siegel, Rebecca L and Laversanne, Mathieu and Soerjomataram, Isabelle and Jemal, Ahmedin and Bray, Freddie},
  journal={CA: a cancer journal for clinicians},
  volume={71},
  number={3},
  pages={209--249},
  year={2021},
  publisher={Wiley Online Library}
}