@article{harris2020array,
  title={Array programming with NumPy},
  author={Harris, Charles R and Millman, K Jarrod and Van Der Walt, St{\'e}fan J and Gommers, Ralf and Virtanen, Pauli and Cournapeau, David and Wieser, Eric and Taylor, Julian and Berg, Sebastian and Smith, Nathaniel J and others},
  journal={Nature},
  volume={585},
  number={7825},
  pages={357--362},
  year={2020},
  publisher={Nature Publishing Group UK London}
}

@article{virtanen2020scipy,
  title={SciPy 1.0: fundamental algorithms for scientific computing in Python},
  author={Virtanen, Pauli and Gommers, Ralf and Oliphant, Travis E and Haberland, Matt and Reddy, Tyler and Cournapeau, David and Burovski, Evgeni and Peterson, Pearu and Weckesser, Warren and Bright, Jonathan and others},
  journal={Nature methods},
  volume={17},
  number={3},
  pages={261--272},
  year={2020},
  publisher={Nature Publishing Group}
}

@article{jean2019tensorly,
  author  = {Jean Kossaifi and Yannis Panagakis and Anima Anandkumar and Maja Pantic},
  title   = {TensorLy: Tensor Learning in Python},
  journal = {Journal of Machine Learning Research},
  year    = {2019},
  volume  = {20},
  number  = {26},
  pages   = {1--6},
  url     = {http://jmlr.org/papers/v20/18-277.html}
}

@techreport{pep484,
  author  = {Guido van Rossum and Jukka Lehtosalo and Łukasz Langa},
  title   = {Type Hints},
  year    = {2014},
  type    = {PEP},
  number  = {484},
  url     = {https://peps.python.org/pep-0484/},
}

@manual{informatics,
  title={informatics: Framework of fast implementation data processing and operating pipelines},
  author={{Chen Zhang}},
  year={2024},
  url={https://pypi.org/project/informatics/},
  note={Python version 3.9 or later},
}

@incollection{BOULANGER2016125,
title = {6 - Technique to Manage Software Safety},
editor = {Jean-Louis Boulanger},
booktitle = {Certifiable Software Applications 1},
publisher = {Elsevier},
pages = {125-156},
year = {2016},
isbn = {978-1-78548-117-8},
doi = {https://doi.org/10.1016/B978-1-78548-117-8.50006-4},
url = {https://www.sciencedirect.com/science/article/pii/B9781785481178500064},
author = {Jean-Louis Boulanger},
keywords = {Data redundancy, Defensive programming, Double execution, Error management, Error recovery, Memory allocation diversity, Software safety, Techniques, Temporal diversity},
abstract = {Abstract:
In Chapters 3 and 4 we discussed the general principles of dependability and the management of Safety Assurance (SA). In Chapter 5, we discussed the management of SA for a software application. In this chapter, we shall present the safety principles for a software application.}
}

@inproceedings{ertl2012methods,
  title={Methods in objects2: Duck Typing and Performance},
  author={Ertl, M Anton},
  booktitle={28th EuroForth Conference},
  pages={96},
  year={2012},
  organization={EuroForth}
}

@inproceedings{sutton2012design,
  title={Design of concept libraries for \inlinecode{C++}},
  author={Sutton, Andrew and Stroustrup, Bjarne},
  booktitle={Software Language Engineering: 4th International Conference, SLE 2011, Braga, Portugal, July 3-4, 2011, Revised Selected Papers 4},
  pages={97--118},
  year={2012},
  organization={Springer}
}

@techreport{pep585,
  author  = {Łukasz Langa},
  title   = {Type Hinting Generics In Standard Collections},
  year    = {2019},
  type    = {PEP},
  number  = {585},
  url     = {https://peps.python.org/pep-0585/},
}

@article{munawar2022impact,
  title={The Impact of Language Syntax on the Complexity of Programs: A Case Study of Java and Python},
  author={Munawar, Kashif and Naveed, Muhammad Shumail},
  journal={Int. J. Innov. Sci. Technol},
  volume={4},
  pages={683--695},
  year={2022}
}

@book{beazley2009python,
  title={Python essential reference},
  author={Beazley, David M},
  year={2009},
  publisher={Addison-Wesley Professional}
}

@book{summerfield2009programming,
  title={Programming in Python 3: a complete introduction to the Python language},
  author={Summerfield, Mark},
  year={2009},
  publisher={Addison-Wesley Professional}
}

@article{oliphant2007python,
  title={Python for scientific computing},
  author={Oliphant, Travis E},
  journal={Computing in science \& engineering},
  volume={9},
  number={3},
  pages={10--20},
  year={2007},
  publisher={IEEE}
}

@article{perez2010python,
  title={Python: an ecosystem for scientific computing},
  author={Perez, Fernando and Granger, Brian E and Hunter, John D},
  journal={Computing in Science \& Engineering},
  volume={13},
  number={2},
  pages={13--21},
  year={2010},
  publisher={IEEE}
}

@book{turner2018applied,
  title={Applied scientific computing: with Python},
  author={Turner, Peter R and Arildsen, Thomas and Kavanagh, Kathleen},
  year={2018},
  publisher={Springer}
}

@inproceedings{oxvig2016storing,
  title={Storing reproducible results from computational experiments using scientific Python packages},
  author={Oxvig, Christian Schou and Arildsen, Thomas and Larsen, Torben},
  booktitle={Scientific Computing with Python 2016},
  pages={45--50},
  year={2016}
}

@book{cielen2016introducing,
  title={Introducing data science: big data, machine learning, and more, using Python tools},
  author={Cielen, Davy and Meysman, Arno},
  year={2016},
  publisher={Simon and Schuster}
}

@article{rodriguez2016general,
  title={A general perspective of Big Data: applications, tools, challenges and trends},
  author={Rodr{\'\i}guez-Mazahua, Lisbeth and Rodr{\'\i}guez-Enr{\'\i}quez, Cristian-Aar{\'o}n and S{\'a}nchez-Cervantes, Jos{\'e} Luis and Cervantes, Jair and Garc{\'\i}a-Alcaraz, Jorge Luis and Alor-Hern{\'a}ndez, Giner},
  journal={The Journal of Supercomputing},
  volume={72},
  pages={3073--3113},
  year={2016},
  publisher={Springer}
}

@incollection{gabbrielli2023functional,
  title={Functional Programming Paradigm},
  author={Gabbrielli, Maurizio and Martini, Simone},
  booktitle={Programming Languages: Principles and Paradigms},
  pages={335--368},
  year={2023},
  publisher={Springer}
}

@incollection{sarcar2023functional,
  title={Functional Programming Overview},
  author={Sarcar, Vaskaran},
  booktitle={Introducing Functional Programming Using \inlinecode{C\#} Leveraging a New Perspective for OOP Developers},
  pages={3--32},
  year={2023},
  publisher={Springer}
}

@article{hudak1989conception,
  title={Conception, evolution, and application of functional programming languages},
  author={Hudak, Paul},
  journal={ACM Computing Surveys (CSUR)},
  volume={21},
  number={3},
  pages={359--411},
  year={1989},
  publisher={ACM New York, NY, USA}
}

@inproceedings{alic2016comparative,
  title={Comparative analysis of functional and object-oriented programming},
  author={Alic, Dino and Omanovic, Samir and Giedrimas, Vaidas},
  booktitle={2016 39th International Convention on Information and Communication Technology, Electronics and Microelectronics (MIPRO)},
  pages={667--672},
  year={2016},
  organization={IEEE}
}